<record><leader>00000cas a22000007a 4500</leader><controlfield tag="001">35976277</controlfield><controlfield tag="008">961121d19081908sduwr ne      0    0eng d</controlfield><datafield ind1=" " ind2=" " tag="010"><subfield code="a">sn 96090268 </subfield></datafield><datafield ind1=" " ind2=" " tag="040"><subfield code="a">SXN</subfield><subfield code="b">eng</subfield><subfield code="c">SXN</subfield><subfield code="d">OCLCQ</subfield><subfield code="d">OCLCF</subfield><subfield code="d">OCLCO</subfield></datafield><datafield ind1="1" ind2=" " tag="029"><subfield code="a">AU@</subfield><subfield code="b">000012971820</subfield></datafield><datafield ind1=" " ind2=" " tag="042"><subfield code="a">msc</subfield></datafield><datafield ind1=" " ind2=" " tag="043"><subfield code="a">n-us-sd</subfield></datafield><datafield ind1="0" ind2=" " tag="130"><subfield code="a">Gregory County news and Tripp County news (Dallas, S.D. : Sept. 1908)</subfield></datafield><datafield ind1="1" ind2="4" tag="245"><subfield code="a">The Gregory County news and Tripp County news.</subfield></datafield><datafield ind1=" " ind2=" " tag="260"><subfield code="a">Dallas, S.D. :</subfield><subfield code="b">Rosebud Pub. Co.</subfield></datafield><datafield ind1=" " ind2=" " tag="300"><subfield code="a">v.</subfield></datafield><datafield ind1=" " ind2=" " tag="310"><subfield code="a">Weekly</subfield></datafield><datafield ind1="0" ind2=" " tag="362"><subfield code="a">Vol. 11, no. 12 (Sept. 17, 1908) = v. 2, no. 13-v. 11, no. 18 (Oct. 22, 1908) = v. 2, no. 19.</subfield></datafield><datafield ind1=" " ind2=" " tag="500"><subfield code="a">Manager: Ferd Reichmann.</subfield></datafield><datafield ind1=" " ind2=" " tag="530"><subfield code="a">Available on microfilm from: State Archives, South Dakota State Historical Society.</subfield></datafield><datafield ind1=" " ind2=" " tag="580"><subfield code="a">Formed by the union of: Gregory County news (Bonesteel, S.D. : 1907), and: Tripp County news, the Gregory County pilot.</subfield></datafield><datafield ind1=" " ind2="0" tag="651"><subfield code="a">Dallas (S.D.)</subfield><subfield code="v">Newspapers.</subfield></datafield><datafield ind1=" " ind2="0" tag="651"><subfield code="a">Gregory County (S.D.)</subfield><subfield code="v">Newspapers.</subfield></datafield><datafield ind1=" " ind2="7" tag="655"><subfield code="a">Newspapers.</subfield><subfield code="2">fast</subfield><subfield code="0">(OCoLC)fst01423814</subfield></datafield><datafield ind1=" " ind2="7" tag="651"><subfield code="a">South Dakota</subfield><subfield code="z">Dallas.</subfield><subfield code="2">fast</subfield><subfield code="0">(OCoLC)fst01878292</subfield></datafield><datafield ind1=" " ind2="7" tag="651"><subfield code="a">South Dakota</subfield><subfield code="z">Gregory County.</subfield><subfield code="2">fast</subfield><subfield code="0">(OCoLC)fst01206380</subfield></datafield><datafield ind1=" " ind2=" " tag="752"><subfield code="a">United States</subfield><subfield code="b">South Dakota</subfield><subfield code="c">Gregory</subfield><subfield code="d">Dallas.</subfield></datafield><datafield ind1="1" ind2="4" tag="780"><subfield code="t">Gregory County news (Bonesteel, S.D. : 1907)</subfield><subfield code="w">(DLC)sn 96090282</subfield></datafield><datafield ind1="1" ind2="4" tag="780"><subfield code="t">Tripp County news, the Gregory County pilot</subfield><subfield code="w">(DLC)sn 96090273</subfield></datafield><datafield ind1="0" ind2="0" tag="785"><subfield code="t">Gregory County news and Tripp County news (Dallas, S.D. : Oct. 1908)</subfield><subfield code="w">(DLC)sn 96090269</subfield></datafield></record>